%YAML 1.1
%TAG !u! tag:unity3d.com,2011:
--- !u!1 &7867467487917706179
GameObject:
  m_ObjectHideFlags: 0
  m_CorrespondingSourceObject: {fileID: 0}
  m_PrefabInstance: {fileID: 0}
  m_PrefabAsset: {fileID: 0}
  serializedVersion: 6
  m_Component:
  - component: {fileID: 7871091058125009625}
  - component: {fileID: 7877841795777848645}
  - component: {fileID: 7888522919398386437}
  - component: {fileID: 7908979625436193555}
  - component: {fileID: 267966786033755437}
  - component: {fileID: 1732746029383536304}
  m_Layer: 0
  m_Name: trap_duck
  m_TagString: Untagged
  m_Icon: {fileID: 0}
  m_NavMeshLayer: 0
  m_StaticEditorFlags: 0
  m_IsActive: 1
--- !u!4 &7871091058125009625
Transform:
  m_ObjectHideFlags: 0
  m_CorrespondingSourceObject: {fileID: 0}
  m_PrefabInstance: {fileID: 0}
  m_PrefabAsset: {fileID: 0}
  m_GameObject: {fileID: 7867467487917706179}
  m_LocalRotation: {x: 0, y: 0, z: 0, w: 1}
  m_LocalPosition: {x: -2.4419847, y: -1.0241466, z: 2.6731887}
  m_LocalScale: {x: 2.5, y: 2.5, z: 2.5}
  m_Children:
  - {fileID: 844995358}
  m_Father: {fileID: 0}
  m_RootOrder: 0
  m_LocalEulerAnglesHint: {x: 0, y: 0, z: 0}
--- !u!33 &7877841795777848645
MeshFilter:
  m_ObjectHideFlags: 0
  m_CorrespondingSourceObject: {fileID: 0}
  m_PrefabInstance: {fileID: 0}
  m_PrefabAsset: {fileID: 0}
  m_GameObject: {fileID: 7867467487917706179}
  m_Mesh: {fileID: 4300000, guid: 433a0964b40074140b1276817482a3de, type: 3}
--- !u!23 &7888522919398386437
MeshRenderer:
  m_ObjectHideFlags: 0
  m_CorrespondingSourceObject: {fileID: 0}
  m_PrefabInstance: {fileID: 0}
  m_PrefabAsset: {fileID: 0}
  m_GameObject: {fileID: 7867467487917706179}
  m_Enabled: 1
  m_CastShadows: 1
  m_ReceiveShadows: 1
  m_DynamicOccludee: 1
  m_MotionVectors: 1
  m_LightProbeUsage: 1
  m_ReflectionProbeUsage: 1
  m_RayTracingMode: 2
  m_RenderingLayerMask: 1
  m_RendererPriority: 0
  m_Materials:
  - {fileID: 2100000, guid: 217f9069115f944418abf43714b99ca5, type: 2}
  m_StaticBatchInfo:
    firstSubMesh: 0
    subMeshCount: 0
  m_StaticBatchRoot: {fileID: 0}
  m_ProbeAnchor: {fileID: 0}
  m_LightProbeVolumeOverride: {fileID: 0}
  m_ScaleInLightmap: 1
  m_ReceiveGI: 1
  m_PreserveUVs: 0
  m_IgnoreNormalsForChartDetection: 0
  m_ImportantGI: 0
  m_StitchLightmapSeams: 1
  m_SelectedEditorRenderState: 3
  m_MinimumChartSize: 4
  m_AutoUVMaxDistance: 0.5
  m_AutoUVMaxAngle: 89
  m_LightmapParameters: {fileID: 0}
  m_SortingLayerID: 0
  m_SortingLayer: 0
  m_SortingOrder: 0
--- !u!65 &7908979625436193555
BoxCollider:
  m_ObjectHideFlags: 0
  m_CorrespondingSourceObject: {fileID: 0}
  m_PrefabInstance: {fileID: 0}
  m_PrefabAsset: {fileID: 0}
  m_GameObject: {fileID: 7867467487917706179}
  m_Material: {fileID: 0}
  m_IsTrigger: 0
  m_Enabled: 1
  serializedVersion: 2
  m_Size: {x: 0.06992602, y: 0.077554345, z: 0.087327}
  m_Center: {x: 0.0006560087, y: 0.038638577, z: 0.0011723042}
--- !u!114 &267966786033755437
MonoBehaviour:
  m_ObjectHideFlags: 0
  m_CorrespondingSourceObject: {fileID: 0}
  m_PrefabInstance: {fileID: 0}
  m_PrefabAsset: {fileID: 0}
  m_GameObject: {fileID: 7867467487917706179}
  m_Enabled: 1
  m_EditorHideFlags: 0
  m_Script: {fileID: 11500000, guid: a8e1965838eb1a146aa604cc36071039, type: 3}
  m_Name: 
  m_EditorClassIdentifier: 
  duck_prefab: {fileID: 3975350289581467906, guid: 982f96aefce099b419e00de3dd5e3858,
    type: 3}
  explosion_prefab: {fileID: 1134129239631916, guid: 7e48ba6b1b968764490bbc70b66e3fe1,
    type: 3}
  Player: {fileID: 0}
  pickUpEffect: {fileID: 844760894}
  audioSource: {fileID: 0}
  duckSE: {fileID: 0}
--- !u!54 &1732746029383536304
Rigidbody:
  m_ObjectHideFlags: 0
  m_CorrespondingSourceObject: {fileID: 0}
  m_PrefabInstance: {fileID: 0}
  m_PrefabAsset: {fileID: 0}
  m_GameObject: {fileID: 7867467487917706179}
  serializedVersion: 2
  m_Mass: 10
  m_Drag: 10
  m_AngularDrag: 0.05
  m_UseGravity: 1
  m_IsKinematic: 0
  m_Interpolate: 0
  m_Constraints: 112
  m_CollisionDetection: 0
--- !u!1001 &844857758
PrefabInstance:
  m_ObjectHideFlags: 0
  serializedVersion: 2
  m_Modification:
    m_TransformParent: {fileID: 7871091058125009625}
    m_Modifications:
    - target: {fileID: 100000, guid: aa3fed151f536ee49b583c6a3ac4a2e1, type: 3}
      propertyPath: m_Name
      value: pickUpEffect
      objectReference: {fileID: 0}
    - target: {fileID: 400000, guid: aa3fed151f536ee49b583c6a3ac4a2e1, type: 3}
      propertyPath: m_LocalPosition.x
      value: 0
      objectReference: {fileID: 0}
    - target: {fileID: 400000, guid: aa3fed151f536ee49b583c6a3ac4a2e1, type: 3}
      propertyPath: m_LocalPosition.y
      value: 0
      objectReference: {fileID: 0}
    - target: {fileID: 400000, guid: aa3fed151f536ee49b583c6a3ac4a2e1, type: 3}
      propertyPath: m_LocalPosition.z
      value: 0
      objectReference: {fileID: 0}
    - target: {fileID: 400000, guid: aa3fed151f536ee49b583c6a3ac4a2e1, type: 3}
      propertyPath: m_LocalRotation.x
      value: -0.7071068
      objectReference: {fileID: 0}
    - target: {fileID: 400000, guid: aa3fed151f536ee49b583c6a3ac4a2e1, type: 3}
      propertyPath: m_LocalRotation.y
      value: 0
      objectReference: {fileID: 0}
    - target: {fileID: 400000, guid: aa3fed151f536ee49b583c6a3ac4a2e1, type: 3}
      propertyPath: m_LocalRotation.z
      value: 0
      objectReference: {fileID: 0}
    - target: {fileID: 400000, guid: aa3fed151f536ee49b583c6a3ac4a2e1, type: 3}
      propertyPath: m_LocalRotation.w
      value: 0.7071068
      objectReference: {fileID: 0}
    - target: {fileID: 400000, guid: aa3fed151f536ee49b583c6a3ac4a2e1, type: 3}
      propertyPath: m_RootOrder
      value: 0
      objectReference: {fileID: 0}
    - target: {fileID: 400000, guid: aa3fed151f536ee49b583c6a3ac4a2e1, type: 3}
      propertyPath: m_LocalEulerAnglesHint.x
      value: 0
      objectReference: {fileID: 0}
    - target: {fileID: 400000, guid: aa3fed151f536ee49b583c6a3ac4a2e1, type: 3}
      propertyPath: m_LocalEulerAnglesHint.y
      value: 0
      objectReference: {fileID: 0}
    - target: {fileID: 400000, guid: aa3fed151f536ee49b583c6a3ac4a2e1, type: 3}
      propertyPath: m_LocalEulerAnglesHint.z
      value: 0
      objectReference: {fileID: 0}
    - target: {fileID: 400000, guid: aa3fed151f536ee49b583c6a3ac4a2e1, type: 3}
      propertyPath: m_LocalScale.x
      value: 0.2
      objectReference: {fileID: 0}
    - target: {fileID: 400000, guid: aa3fed151f536ee49b583c6a3ac4a2e1, type: 3}
      propertyPath: m_LocalScale.y
      value: 0.2
      objectReference: {fileID: 0}
    - target: {fileID: 400000, guid: aa3fed151f536ee49b583c6a3ac4a2e1, type: 3}
      propertyPath: m_LocalScale.z
      value: 0.2
      objectReference: {fileID: 0}
    - target: {fileID: 19800000, guid: aa3fed151f536ee49b583c6a3ac4a2e1, type: 3}
      propertyPath: looping
      value: 1
      objectReference: {fileID: 0}
    m_RemovedComponents: []
  m_SourcePrefab: {fileID: 100100000, guid: aa3fed151f536ee49b583c6a3ac4a2e1, type: 3}
--- !u!1 &844760894 stripped
GameObject:
  m_CorrespondingSourceObject: {fileID: 100000, guid: aa3fed151f536ee49b583c6a3ac4a2e1,
    type: 3}
  m_PrefabInstance: {fileID: 844857758}
  m_PrefabAsset: {fileID: 0}
--- !u!4 &844995358 stripped
Transform:
  m_CorrespondingSourceObject: {fileID: 400000, guid: aa3fed151f536ee49b583c6a3ac4a2e1,
    type: 3}
  m_PrefabInstance: {fileID: 844857758}
  m_PrefabAsset: {fileID: 0}
