%YAML 1.1
%TAG !u! tag:unity3d.com,2011:
--- !u!29 &1
OcclusionCullingSettings:
  m_ObjectHideFlags: 0
  serializedVersion: 2
  m_OcclusionBakeSettings:
    smallestOccluder: 5
    smallestHole: 0.25
    backfaceThreshold: 100
  m_SceneGUID: 00000000000000000000000000000000
  m_OcclusionCullingData: {fileID: 0}
--- !u!104 &2
RenderSettings:
  m_ObjectHideFlags: 0
  serializedVersion: 9
  m_Fog: 0
  m_FogColor: {r: 0.5, g: 0.5, b: 0.5, a: 1}
  m_FogMode: 3
  m_FogDensity: 0.01
  m_LinearFogStart: 0
  m_LinearFogEnd: 300
  m_AmbientSkyColor: {r: 0.212, g: 0.227, b: 0.259, a: 1}
  m_AmbientEquatorColor: {r: 0.114, g: 0.125, b: 0.133, a: 1}
  m_AmbientGroundColor: {r: 0.047, g: 0.043, b: 0.035, a: 1}
  m_AmbientIntensity: 1
  m_AmbientMode: 0
  m_SubtractiveShadowColor: {r: 0.42, g: 0.478, b: 0.627, a: 1}
  m_SkyboxMaterial: {fileID: 10304, guid: 0000000000000000f000000000000000, type: 0}
  m_HaloStrength: 0.5
  m_FlareStrength: 1
  m_FlareFadeSpeed: 3
  m_HaloTexture: {fileID: 0}
  m_SpotCookie: {fileID: 10001, guid: 0000000000000000e000000000000000, type: 0}
  m_DefaultReflectionMode: 0
  m_DefaultReflectionResolution: 128
  m_ReflectionBounces: 1
  m_ReflectionIntensity: 1
  m_CustomReflection: {fileID: 0}
  m_Sun: {fileID: 0}
  m_IndirectSpecularColor: {r: 0, g: 0, b: 0, a: 1}
  m_UseRadianceAmbientProbe: 0
--- !u!157 &3
LightmapSettings:
  m_ObjectHideFlags: 0
  serializedVersion: 11
  m_GIWorkflowMode: 1
  m_GISettings:
    serializedVersion: 2
    m_BounceScale: 1
    m_IndirectOutputScale: 1
    m_AlbedoBoost: 1
    m_EnvironmentLightingMode: 0
    m_EnableBakedLightmaps: 1
    m_EnableRealtimeLightmaps: 0
  m_LightmapEditorSettings:
    serializedVersion: 12
    m_Resolution: 2
    m_BakeResolution: 40
    m_AtlasSize: 1024
    m_AO: 0
    m_AOMaxDistance: 1
    m_CompAOExponent: 1
    m_CompAOExponentDirect: 0
    m_ExtractAmbientOcclusion: 0
    m_Padding: 2
    m_LightmapParameters: {fileID: 0}
    m_LightmapsBakeMode: 1
    m_TextureCompression: 1
    m_FinalGather: 0
    m_FinalGatherFiltering: 1
    m_FinalGatherRayCount: 256
    m_ReflectionCompression: 2
    m_MixedBakeMode: 2
    m_BakeBackend: 1
    m_PVRSampling: 1
    m_PVRDirectSampleCount: 32
    m_PVRSampleCount: 512
    m_PVRBounces: 2
    m_PVREnvironmentSampleCount: 256
    m_PVREnvironmentReferencePointCount: 2048
    m_PVRFilteringMode: 1
    m_PVRDenoiserTypeDirect: 1
    m_PVRDenoiserTypeIndirect: 1
    m_PVRDenoiserTypeAO: 1
    m_PVRFilterTypeDirect: 0
    m_PVRFilterTypeIndirect: 0
    m_PVRFilterTypeAO: 0
    m_PVREnvironmentMIS: 1
    m_PVRCulling: 1
    m_PVRFilteringGaussRadiusDirect: 1
    m_PVRFilteringGaussRadiusIndirect: 5
    m_PVRFilteringGaussRadiusAO: 2
    m_PVRFilteringAtrousPositionSigmaDirect: 0.5
    m_PVRFilteringAtrousPositionSigmaIndirect: 2
    m_PVRFilteringAtrousPositionSigmaAO: 1
    m_ExportTrainingData: 0
    m_TrainingDataDestination: TrainingData
    m_LightProbeSampleCountMultiplier: 4
  m_LightingDataAsset: {fileID: 0}
  m_UseShadowmask: 1
--- !u!196 &4
NavMeshSettings:
  serializedVersion: 2
  m_ObjectHideFlags: 0
  m_BuildSettings:
    serializedVersion: 2
    agentTypeID: 0
    agentRadius: 0.5
    agentHeight: 2
    agentSlope: 45
    agentClimb: 0.4
    ledgeDropHeight: 0
    maxJumpAcrossDistance: 0
    minRegionArea: 2
    manualCellSize: 0
    cellSize: 0.16666667
    manualTileSize: 0
    tileSize: 256
    accuratePlacement: 0
    debug:
      m_Flags: 0
  m_NavMeshData: {fileID: 0}
--- !u!1 &28508616 stripped
GameObject:
  m_CorrespondingSourceObject: {fileID: 6132794258494204921, guid: 044b4856c0c98b840bb6c01a01a91caa,
    type: 3}
  m_PrefabInstance: {fileID: 573558367}
  m_PrefabAsset: {fileID: 0}
--- !u!1 &109116735 stripped
GameObject:
  m_CorrespondingSourceObject: {fileID: 6132794258366435056, guid: 044b4856c0c98b840bb6c01a01a91caa,
    type: 3}
  m_PrefabInstance: {fileID: 573558367}
  m_PrefabAsset: {fileID: 0}
--- !u!1 &197100713
GameObject:
  m_ObjectHideFlags: 0
  m_CorrespondingSourceObject: {fileID: 0}
  m_PrefabInstance: {fileID: 0}
  m_PrefabAsset: {fileID: 0}
  serializedVersion: 6
  m_Component:
  - component: {fileID: 197100716}
  - component: {fileID: 197100715}
  - component: {fileID: 197100714}
  m_Layer: 0
  m_Name: Main Camera
  m_TagString: MainCamera
  m_Icon: {fileID: 0}
  m_NavMeshLayer: 0
  m_StaticEditorFlags: 0
  m_IsActive: 1
--- !u!81 &197100714
AudioListener:
  m_ObjectHideFlags: 0
  m_CorrespondingSourceObject: {fileID: 0}
  m_PrefabInstance: {fileID: 0}
  m_PrefabAsset: {fileID: 0}
  m_GameObject: {fileID: 197100713}
  m_Enabled: 1
--- !u!20 &197100715
Camera:
  m_ObjectHideFlags: 0
  m_CorrespondingSourceObject: {fileID: 0}
  m_PrefabInstance: {fileID: 0}
  m_PrefabAsset: {fileID: 0}
  m_GameObject: {fileID: 197100713}
  m_Enabled: 1
  serializedVersion: 2
  m_ClearFlags: 1
  m_BackGroundColor: {r: 0.19215687, g: 0.3019608, b: 0.4745098, a: 0}
  m_projectionMatrixMode: 1
  m_GateFitMode: 2
  m_FOVAxisMode: 0
  m_SensorSize: {x: 36, y: 24}
  m_LensShift: {x: 0, y: 0}
  m_FocalLength: 50
  m_NormalizedViewPortRect:
    serializedVersion: 2
    x: 0
    y: 0
    width: 1
    height: 1
  near clip plane: 0.3
  far clip plane: 1000
  field of view: 60
  orthographic: 0
  orthographic size: 5
  m_Depth: -1
  m_CullingMask:
    serializedVersion: 2
    m_Bits: 4294967295
  m_RenderingPath: -1
  m_TargetTexture: {fileID: 0}
  m_TargetDisplay: 0
  m_TargetEye: 3
  m_HDR: 1
  m_AllowMSAA: 1
  m_AllowDynamicResolution: 0
  m_ForceIntoRT: 0
  m_OcclusionCulling: 1
  m_StereoConvergence: 10
  m_StereoSeparation: 0.022
--- !u!4 &197100716
Transform:
  m_ObjectHideFlags: 0
  m_CorrespondingSourceObject: {fileID: 0}
  m_PrefabInstance: {fileID: 0}
  m_PrefabAsset: {fileID: 0}
  m_GameObject: {fileID: 197100713}
  m_LocalRotation: {x: 0, y: 0, z: 0, w: 1}
  m_LocalPosition: {x: 0, y: 3.39, z: -52.79}
  m_LocalScale: {x: 1, y: 1, z: 1}
  m_Children: []
  m_Father: {fileID: 0}
  m_RootOrder: 0
  m_LocalEulerAnglesHint: {x: 0, y: 0, z: 0}
--- !u!1 &207239831
GameObject:
  m_ObjectHideFlags: 0
  m_CorrespondingSourceObject: {fileID: 0}
  m_PrefabInstance: {fileID: 0}
  m_PrefabAsset: {fileID: 0}
  serializedVersion: 6
  m_Component:
  - component: {fileID: 207239834}
  - component: {fileID: 207239833}
  - component: {fileID: 207239832}
  m_Layer: 0
  m_Name: EventSystem
  m_TagString: Untagged
  m_Icon: {fileID: 0}
  m_NavMeshLayer: 0
  m_StaticEditorFlags: 0
  m_IsActive: 1
--- !u!114 &207239832
MonoBehaviour:
  m_ObjectHideFlags: 0
  m_CorrespondingSourceObject: {fileID: 0}
  m_PrefabInstance: {fileID: 0}
  m_PrefabAsset: {fileID: 0}
  m_GameObject: {fileID: 207239831}
  m_Enabled: 1
  m_EditorHideFlags: 0
  m_Script: {fileID: 11500000, guid: 4f231c4fb786f3946a6b90b886c48677, type: 3}
  m_Name: 
  m_EditorClassIdentifier: 
  m_HorizontalAxis: Horizontal
  m_VerticalAxis: Vertical
  m_SubmitButton: Submit
  m_CancelButton: Cancel
  m_InputActionsPerSecond: 10
  m_RepeatDelay: 0.5
  m_ForceModuleActive: 0
--- !u!114 &207239833
MonoBehaviour:
  m_ObjectHideFlags: 0
  m_CorrespondingSourceObject: {fileID: 0}
  m_PrefabInstance: {fileID: 0}
  m_PrefabAsset: {fileID: 0}
  m_GameObject: {fileID: 207239831}
  m_Enabled: 1
  m_EditorHideFlags: 0
  m_Script: {fileID: 11500000, guid: 76c392e42b5098c458856cdf6ecaaaa1, type: 3}
  m_Name: 
  m_EditorClassIdentifier: 
  m_FirstSelected: {fileID: 0}
  m_sendNavigationEvents: 1
  m_DragThreshold: 10
--- !u!4 &207239834
Transform:
  m_ObjectHideFlags: 0
  m_CorrespondingSourceObject: {fileID: 0}
  m_PrefabInstance: {fileID: 0}
  m_PrefabAsset: {fileID: 0}
  m_GameObject: {fileID: 207239831}
  m_LocalRotation: {x: 0, y: 0, z: 0, w: 1}
  m_LocalPosition: {x: 0, y: 0, z: -50}
  m_LocalScale: {x: 1, y: 1, z: 1}
  m_Children: []
  m_Father: {fileID: 0}
  m_RootOrder: 6
  m_LocalEulerAnglesHint: {x: 0, y: 0, z: 0}
--- !u!1001 &270642636
PrefabInstance:
  m_ObjectHideFlags: 0
  serializedVersion: 2
  m_Modification:
    m_TransformParent: {fileID: 0}
    m_Modifications:
    - target: {fileID: 5767767720144400155, guid: 8db63e14de13fa04dad365804df3b4c3,
        type: 3}
      propertyPath: m_Controller
      value: 
      objectReference: {fileID: 9100000, guid: 76aa988c6bfd21b49b41b55814231a3b, type: 2}
    - target: {fileID: 5768354523356244103, guid: 8db63e14de13fa04dad365804df3b4c3,
        type: 3}
      propertyPath: m_Controller
      value: 
      objectReference: {fileID: 9100000, guid: 76aa988c6bfd21b49b41b55814231a3b, type: 2}
    - target: {fileID: 5768417987622430703, guid: 8db63e14de13fa04dad365804df3b4c3,
        type: 3}
      propertyPath: m_Controller
      value: 
      objectReference: {fileID: 9100000, guid: 76aa988c6bfd21b49b41b55814231a3b, type: 2}
    - target: {fileID: 5857058283350930709, guid: 8db63e14de13fa04dad365804df3b4c3,
        type: 3}
      propertyPath: m_LocalRotation.x
      value: 0
      objectReference: {fileID: 0}
    - target: {fileID: 5857058283350930709, guid: 8db63e14de13fa04dad365804df3b4c3,
        type: 3}
      propertyPath: m_LocalRotation.y
      value: 1
      objectReference: {fileID: 0}
    - target: {fileID: 5857058283350930709, guid: 8db63e14de13fa04dad365804df3b4c3,
        type: 3}
      propertyPath: m_LocalRotation.z
      value: 0
      objectReference: {fileID: 0}
    - target: {fileID: 5857058283350930709, guid: 8db63e14de13fa04dad365804df3b4c3,
        type: 3}
      propertyPath: m_LocalRotation.w
      value: 0
      objectReference: {fileID: 0}
    - target: {fileID: 5857058283350930709, guid: 8db63e14de13fa04dad365804df3b4c3,
        type: 3}
      propertyPath: m_LocalEulerAnglesHint.x
      value: 0
      objectReference: {fileID: 0}
    - target: {fileID: 5857058283350930709, guid: 8db63e14de13fa04dad365804df3b4c3,
        type: 3}
      propertyPath: m_LocalPosition.y
      value: 4.976
      objectReference: {fileID: 0}
    - target: {fileID: 5857058283350930709, guid: 8db63e14de13fa04dad365804df3b4c3,
        type: 3}
      propertyPath: m_LocalPosition.z
      value: 2.848
      objectReference: {fileID: 0}
    - target: {fileID: 5857058283350930709, guid: 8db63e14de13fa04dad365804df3b4c3,
        type: 3}
      propertyPath: m_LocalPosition.x
      value: 0.2
      objectReference: {fileID: 0}
    - target: {fileID: 5857058283350930709, guid: 8db63e14de13fa04dad365804df3b4c3,
        type: 3}
      propertyPath: m_LocalEulerAnglesHint.y
      value: 0
      objectReference: {fileID: 0}
    - target: {fileID: 5857427803730039751, guid: 8db63e14de13fa04dad365804df3b4c3,
        type: 3}
      propertyPath: m_LocalPosition.z
      value: 0.8
      objectReference: {fileID: 0}
    - target: {fileID: 5861118519801641057, guid: 8db63e14de13fa04dad365804df3b4c3,
        type: 3}
      propertyPath: m_LocalRotation.x
      value: 0
      objectReference: {fileID: 0}
    - target: {fileID: 5861118519801641057, guid: 8db63e14de13fa04dad365804df3b4c3,
        type: 3}
      propertyPath: m_LocalRotation.y
      value: 0
      objectReference: {fileID: 0}
    - target: {fileID: 5861118519801641057, guid: 8db63e14de13fa04dad365804df3b4c3,
        type: 3}
      propertyPath: m_LocalRotation.z
      value: 0
      objectReference: {fileID: 0}
    - target: {fileID: 5861118519801641057, guid: 8db63e14de13fa04dad365804df3b4c3,
        type: 3}
      propertyPath: m_LocalRotation.w
      value: 1
      objectReference: {fileID: 0}
    - target: {fileID: 5861118519801641057, guid: 8db63e14de13fa04dad365804df3b4c3,
        type: 3}
      propertyPath: m_LocalEulerAnglesHint.x
      value: 0
      objectReference: {fileID: 0}
    - target: {fileID: 5861852927694367455, guid: 8db63e14de13fa04dad365804df3b4c3,
        type: 3}
      propertyPath: m_LocalPosition.x
      value: -3.83
      objectReference: {fileID: 0}
    - target: {fileID: 5861852927694367455, guid: 8db63e14de13fa04dad365804df3b4c3,
        type: 3}
      propertyPath: m_LocalPosition.y
      value: 5.825
      objectReference: {fileID: 0}
    - target: {fileID: 5861852927694367455, guid: 8db63e14de13fa04dad365804df3b4c3,
        type: 3}
      propertyPath: m_LocalScale.y
      value: 10.969074
      objectReference: {fileID: 0}
    - target: {fileID: 5861852927694367455, guid: 8db63e14de13fa04dad365804df3b4c3,
        type: 3}
      propertyPath: m_LocalScale.z
      value: 10.000005
      objectReference: {fileID: 0}
    - target: {fileID: 5861852927881592418, guid: 8db63e14de13fa04dad365804df3b4c3,
        type: 3}
      propertyPath: m_IsActive
      value: 1
      objectReference: {fileID: 0}
    - target: {fileID: 5861852928122030735, guid: 8db63e14de13fa04dad365804df3b4c3,
        type: 3}
      propertyPath: m_LocalPosition.x
      value: 4.28
      objectReference: {fileID: 0}
    - target: {fileID: 5861852928122030735, guid: 8db63e14de13fa04dad365804df3b4c3,
        type: 3}
      propertyPath: m_LocalScale.y
      value: 11.040222
      objectReference: {fileID: 0}
    - target: {fileID: 5861852928122030735, guid: 8db63e14de13fa04dad365804df3b4c3,
        type: 3}
      propertyPath: m_LocalScale.z
      value: 10.000005
      objectReference: {fileID: 0}
    - target: {fileID: 5861852928122030735, guid: 8db63e14de13fa04dad365804df3b4c3,
        type: 3}
      propertyPath: m_LocalPosition.y
      value: 5.8
      objectReference: {fileID: 0}
    - target: {fileID: 5861852928855495638, guid: 8db63e14de13fa04dad365804df3b4c3,
        type: 3}
      propertyPath: m_LocalPosition.y
      value: 5.878
      objectReference: {fileID: 0}
    - target: {fileID: 5861852928855495638, guid: 8db63e14de13fa04dad365804df3b4c3,
        type: 3}
      propertyPath: m_LocalScale.y
      value: 10.71559
      objectReference: {fileID: 0}
    - target: {fileID: 5861852929011412849, guid: 8db63e14de13fa04dad365804df3b4c3,
        type: 3}
      propertyPath: m_Name
      value: winBathRoom
      objectReference: {fileID: 0}
    - target: {fileID: 5861852929011412850, guid: 8db63e14de13fa04dad365804df3b4c3,
        type: 3}
      propertyPath: m_LocalPosition.x
      value: 0
      objectReference: {fileID: 0}
    - target: {fileID: 5861852929011412850, guid: 8db63e14de13fa04dad365804df3b4c3,
        type: 3}
      propertyPath: m_LocalPosition.y
      value: 0
      objectReference: {fileID: 0}
    - target: {fileID: 5861852929011412850, guid: 8db63e14de13fa04dad365804df3b4c3,
        type: 3}
      propertyPath: m_LocalPosition.z
      value: -50
      objectReference: {fileID: 0}
    - target: {fileID: 5861852929011412850, guid: 8db63e14de13fa04dad365804df3b4c3,
        type: 3}
      propertyPath: m_LocalRotation.x
      value: 0
      objectReference: {fileID: 0}
    - target: {fileID: 5861852929011412850, guid: 8db63e14de13fa04dad365804df3b4c3,
        type: 3}
      propertyPath: m_LocalRotation.y
      value: 0
      objectReference: {fileID: 0}
    - target: {fileID: 5861852929011412850, guid: 8db63e14de13fa04dad365804df3b4c3,
        type: 3}
      propertyPath: m_LocalRotation.z
      value: 0
      objectReference: {fileID: 0}
    - target: {fileID: 5861852929011412850, guid: 8db63e14de13fa04dad365804df3b4c3,
        type: 3}
      propertyPath: m_LocalRotation.w
      value: 1
      objectReference: {fileID: 0}
    - target: {fileID: 5861852929011412850, guid: 8db63e14de13fa04dad365804df3b4c3,
        type: 3}
      propertyPath: m_RootOrder
      value: 4
      objectReference: {fileID: 0}
    - target: {fileID: 5861852929011412850, guid: 8db63e14de13fa04dad365804df3b4c3,
        type: 3}
      propertyPath: m_LocalEulerAnglesHint.x
      value: 0
      objectReference: {fileID: 0}
    - target: {fileID: 5861852929011412850, guid: 8db63e14de13fa04dad365804df3b4c3,
        type: 3}
      propertyPath: m_LocalEulerAnglesHint.y
      value: 0
      objectReference: {fileID: 0}
    - target: {fileID: 5861852929011412850, guid: 8db63e14de13fa04dad365804df3b4c3,
        type: 3}
      propertyPath: m_LocalEulerAnglesHint.z
      value: 0
      objectReference: {fileID: 0}
    - target: {fileID: 5862139455733145721, guid: 8db63e14de13fa04dad365804df3b4c3,
        type: 3}
      propertyPath: m_Layer
      value: 9
      objectReference: {fileID: 0}
    - target: {fileID: 5862142723620960797, guid: 8db63e14de13fa04dad365804df3b4c3,
        type: 3}
      propertyPath: m_Layer
      value: 9
      objectReference: {fileID: 0}
    - target: {fileID: 5862144393369129439, guid: 8db63e14de13fa04dad365804df3b4c3,
        type: 3}
      propertyPath: m_Layer
      value: 9
      objectReference: {fileID: 0}
    - target: {fileID: 5862159585651114829, guid: 8db63e14de13fa04dad365804df3b4c3,
        type: 3}
      propertyPath: m_Layer
      value: 9
      objectReference: {fileID: 0}
    - target: {fileID: 5862161873886744297, guid: 8db63e14de13fa04dad365804df3b4c3,
        type: 3}
      propertyPath: m_Layer
      value: 9
      objectReference: {fileID: 0}
    - target: {fileID: 5862172958449875361, guid: 8db63e14de13fa04dad365804df3b4c3,
        type: 3}
      propertyPath: m_Layer
      value: 9
      objectReference: {fileID: 0}
    - target: {fileID: 5862174127241628615, guid: 8db63e14de13fa04dad365804df3b4c3,
        type: 3}
      propertyPath: m_Layer
      value: 9
      objectReference: {fileID: 0}
    - target: {fileID: 5862193049023483127, guid: 8db63e14de13fa04dad365804df3b4c3,
        type: 3}
      propertyPath: m_Layer
      value: 9
      objectReference: {fileID: 0}
    - target: {fileID: 5862200240498233051, guid: 8db63e14de13fa04dad365804df3b4c3,
        type: 3}
      propertyPath: m_Layer
      value: 9
      objectReference: {fileID: 0}
    - target: {fileID: 5862203722975072581, guid: 8db63e14de13fa04dad365804df3b4c3,
        type: 3}
      propertyPath: m_Layer
      value: 9
      objectReference: {fileID: 0}
    - target: {fileID: 5862204793346983647, guid: 8db63e14de13fa04dad365804df3b4c3,
        type: 3}
      propertyPath: m_Layer
      value: 9
      objectReference: {fileID: 0}
    - target: {fileID: 5862206604370153747, guid: 8db63e14de13fa04dad365804df3b4c3,
        type: 3}
      propertyPath: m_Layer
      value: 9
      objectReference: {fileID: 0}
    - target: {fileID: 5862211769618534301, guid: 8db63e14de13fa04dad365804df3b4c3,
        type: 3}
      propertyPath: m_Layer
      value: 9
      objectReference: {fileID: 0}
    - target: {fileID: 5862212023781947569, guid: 8db63e14de13fa04dad365804df3b4c3,
        type: 3}
      propertyPath: m_Layer
      value: 9
      objectReference: {fileID: 0}
    - target: {fileID: 5862220237134261745, guid: 8db63e14de13fa04dad365804df3b4c3,
        type: 3}
      propertyPath: m_Layer
      value: 9
      objectReference: {fileID: 0}
    - target: {fileID: 5862221315987584473, guid: 8db63e14de13fa04dad365804df3b4c3,
        type: 3}
      propertyPath: m_Layer
      value: 9
      objectReference: {fileID: 0}
    - target: {fileID: 5862221928088091293, guid: 8db63e14de13fa04dad365804df3b4c3,
        type: 3}
      propertyPath: m_Layer
      value: 9
      objectReference: {fileID: 0}
    - target: {fileID: 5862224045029593691, guid: 8db63e14de13fa04dad365804df3b4c3,
        type: 3}
      propertyPath: m_Layer
      value: 9
      objectReference: {fileID: 0}
    - target: {fileID: 5862228571315670641, guid: 8db63e14de13fa04dad365804df3b4c3,
        type: 3}
      propertyPath: m_Layer
      value: 9
      objectReference: {fileID: 0}
    - target: {fileID: 5862233017111838471, guid: 8db63e14de13fa04dad365804df3b4c3,
        type: 3}
      propertyPath: m_Layer
      value: 9
      objectReference: {fileID: 0}
    - target: {fileID: 5862239351739527695, guid: 8db63e14de13fa04dad365804df3b4c3,
        type: 3}
      propertyPath: m_Layer
      value: 9
      objectReference: {fileID: 0}
    - target: {fileID: 5862239781649370475, guid: 8db63e14de13fa04dad365804df3b4c3,
        type: 3}
      propertyPath: m_Layer
      value: 9
      objectReference: {fileID: 0}
    - target: {fileID: 5862249652683778923, guid: 8db63e14de13fa04dad365804df3b4c3,
        type: 3}
      propertyPath: m_Layer
      value: 9
      objectReference: {fileID: 0}
    - target: {fileID: 5862255844404222367, guid: 8db63e14de13fa04dad365804df3b4c3,
        type: 3}
      propertyPath: m_Layer
      value: 9
      objectReference: {fileID: 0}
    - target: {fileID: 5862256025420845567, guid: 8db63e14de13fa04dad365804df3b4c3,
        type: 3}
      propertyPath: m_Layer
      value: 9
      objectReference: {fileID: 0}
    - target: {fileID: 5862265876438470155, guid: 8db63e14de13fa04dad365804df3b4c3,
        type: 3}
      propertyPath: m_Layer
      value: 9
      objectReference: {fileID: 0}
    - target: {fileID: 5862571962172870673, guid: 8db63e14de13fa04dad365804df3b4c3,
        type: 3}
      propertyPath: m_Layer
      value: 9
      objectReference: {fileID: 0}
    - target: {fileID: 5862573715811849093, guid: 8db63e14de13fa04dad365804df3b4c3,
        type: 3}
      propertyPath: m_Layer
      value: 9
      objectReference: {fileID: 0}
    - target: {fileID: 5862582023629695025, guid: 8db63e14de13fa04dad365804df3b4c3,
        type: 3}
      propertyPath: m_Layer
      value: 9
      objectReference: {fileID: 0}
    - target: {fileID: 5862588671926900355, guid: 8db63e14de13fa04dad365804df3b4c3,
        type: 3}
      propertyPath: m_Layer
      value: 9
      objectReference: {fileID: 0}
    - target: {fileID: 5862589014286065689, guid: 8db63e14de13fa04dad365804df3b4c3,
        type: 3}
      propertyPath: m_Layer
      value: 9
      objectReference: {fileID: 0}
    - target: {fileID: 5862593928387169625, guid: 8db63e14de13fa04dad365804df3b4c3,
        type: 3}
      propertyPath: m_Layer
      value: 9
      objectReference: {fileID: 0}
    - target: {fileID: 5862596608325212809, guid: 8db63e14de13fa04dad365804df3b4c3,
        type: 3}
      propertyPath: m_Layer
      value: 9
      objectReference: {fileID: 0}
    - target: {fileID: 5862601021009234827, guid: 8db63e14de13fa04dad365804df3b4c3,
        type: 3}
      propertyPath: m_Layer
      value: 9
      objectReference: {fileID: 0}
    - target: {fileID: 5862603251060187503, guid: 8db63e14de13fa04dad365804df3b4c3,
        type: 3}
      propertyPath: m_Layer
      value: 9
      objectReference: {fileID: 0}
    - target: {fileID: 5862606147341159033, guid: 8db63e14de13fa04dad365804df3b4c3,
        type: 3}
      propertyPath: m_Layer
      value: 9
      objectReference: {fileID: 0}
    - target: {fileID: 5862609548612024325, guid: 8db63e14de13fa04dad365804df3b4c3,
        type: 3}
      propertyPath: m_Layer
      value: 9
      objectReference: {fileID: 0}
    - target: {fileID: 5862611591434582979, guid: 8db63e14de13fa04dad365804df3b4c3,
        type: 3}
      propertyPath: m_Layer
      value: 9
      objectReference: {fileID: 0}
    - target: {fileID: 5862614580077967781, guid: 8db63e14de13fa04dad365804df3b4c3,
        type: 3}
      propertyPath: m_Layer
      value: 9
      objectReference: {fileID: 0}
    - target: {fileID: 5862616862407928173, guid: 8db63e14de13fa04dad365804df3b4c3,
        type: 3}
      propertyPath: m_Layer
      value: 9
      objectReference: {fileID: 0}
    - target: {fileID: 5862626234672907157, guid: 8db63e14de13fa04dad365804df3b4c3,
        type: 3}
      propertyPath: m_Layer
      value: 9
      objectReference: {fileID: 0}
    - target: {fileID: 5862631155842310963, guid: 8db63e14de13fa04dad365804df3b4c3,
        type: 3}
      propertyPath: m_Layer
      value: 9
      objectReference: {fileID: 0}
    - target: {fileID: 5862632915776687841, guid: 8db63e14de13fa04dad365804df3b4c3,
        type: 3}
      propertyPath: m_Layer
      value: 9
      objectReference: {fileID: 0}
    - target: {fileID: 5862638293481243195, guid: 8db63e14de13fa04dad365804df3b4c3,
        type: 3}
      propertyPath: m_Layer
      value: 9
      objectReference: {fileID: 0}
    - target: {fileID: 5862638533097995925, guid: 8db63e14de13fa04dad365804df3b4c3,
        type: 3}
      propertyPath: m_Layer
      value: 9
      objectReference: {fileID: 0}
    - target: {fileID: 5862642088040226369, guid: 8db63e14de13fa04dad365804df3b4c3,
        type: 3}
      propertyPath: m_Layer
      value: 9
      objectReference: {fileID: 0}
    - target: {fileID: 5862658127885733579, guid: 8db63e14de13fa04dad365804df3b4c3,
        type: 3}
      propertyPath: m_Layer
      value: 9
      objectReference: {fileID: 0}
    - target: {fileID: 5862670216255380635, guid: 8db63e14de13fa04dad365804df3b4c3,
        type: 3}
      propertyPath: m_Layer
      value: 9
      objectReference: {fileID: 0}
    - target: {fileID: 5862678590653208999, guid: 8db63e14de13fa04dad365804df3b4c3,
        type: 3}
      propertyPath: m_Layer
      value: 9
      objectReference: {fileID: 0}
    - target: {fileID: 5862681310001910415, guid: 8db63e14de13fa04dad365804df3b4c3,
        type: 3}
      propertyPath: m_Layer
      value: 9
      objectReference: {fileID: 0}
    - target: {fileID: 5862682283464246623, guid: 8db63e14de13fa04dad365804df3b4c3,
        type: 3}
      propertyPath: m_Layer
      value: 9
      objectReference: {fileID: 0}
    - target: {fileID: 5862682641490469025, guid: 8db63e14de13fa04dad365804df3b4c3,
        type: 3}
      propertyPath: m_Layer
      value: 9
      objectReference: {fileID: 0}
    - target: {fileID: 5862683464161072071, guid: 8db63e14de13fa04dad365804df3b4c3,
        type: 3}
      propertyPath: m_Layer
      value: 9
      objectReference: {fileID: 0}
    - target: {fileID: 5862689455443005459, guid: 8db63e14de13fa04dad365804df3b4c3,
        type: 3}
      propertyPath: m_Layer
      value: 9
      objectReference: {fileID: 0}
    - target: {fileID: 5862694654265141319, guid: 8db63e14de13fa04dad365804df3b4c3,
        type: 3}
      propertyPath: m_Layer
      value: 9
      objectReference: {fileID: 0}
    - target: {fileID: 5862694654265141319, guid: 8db63e14de13fa04dad365804df3b4c3,
        type: 3}
      propertyPath: m_TagString
      value: Player
      objectReference: {fileID: 0}
    - target: {fileID: 5862699119539604797, guid: 8db63e14de13fa04dad365804df3b4c3,
        type: 3}
      propertyPath: m_Layer
      value: 9
      objectReference: {fileID: 0}
    - target: {fileID: 5862713361387185489, guid: 8db63e14de13fa04dad365804df3b4c3,
        type: 3}
      propertyPath: m_Layer
      value: 9
      objectReference: {fileID: 0}
    - target: {fileID: 5862714487651378533, guid: 8db63e14de13fa04dad365804df3b4c3,
        type: 3}
      propertyPath: m_Layer
      value: 9
      objectReference: {fileID: 0}
    - target: {fileID: 5862727013986445199, guid: 8db63e14de13fa04dad365804df3b4c3,
        type: 3}
      propertyPath: m_Layer
      value: 9
      objectReference: {fileID: 0}
    - target: {fileID: 5862728284423714613, guid: 8db63e14de13fa04dad365804df3b4c3,
        type: 3}
      propertyPath: m_Layer
      value: 9
      objectReference: {fileID: 0}
    - target: {fileID: 5862729934612493657, guid: 8db63e14de13fa04dad365804df3b4c3,
        type: 3}
      propertyPath: m_Layer
      value: 9
      objectReference: {fileID: 0}
    - target: {fileID: 5862743069198423607, guid: 8db63e14de13fa04dad365804df3b4c3,
        type: 3}
      propertyPath: m_Layer
      value: 9
      objectReference: {fileID: 0}
    - target: {fileID: 5862750774739658447, guid: 8db63e14de13fa04dad365804df3b4c3,
        type: 3}
      propertyPath: m_Layer
      value: 9
      objectReference: {fileID: 0}
    - target: {fileID: 5862752270631488833, guid: 8db63e14de13fa04dad365804df3b4c3,
        type: 3}
      propertyPath: m_Layer
      value: 9
      objectReference: {fileID: 0}
    - target: {fileID: 5862764104544217243, guid: 8db63e14de13fa04dad365804df3b4c3,
        type: 3}
      propertyPath: m_Layer
      value: 9
      objectReference: {fileID: 0}
    - target: {fileID: 5862765144302534255, guid: 8db63e14de13fa04dad365804df3b4c3,
        type: 3}
      propertyPath: m_Layer
      value: 9
      objectReference: {fileID: 0}
    - target: {fileID: 5862773336548400387, guid: 8db63e14de13fa04dad365804df3b4c3,
        type: 3}
      propertyPath: m_Layer
      value: 9
      objectReference: {fileID: 0}
    - target: {fileID: 5862782318008318223, guid: 8db63e14de13fa04dad365804df3b4c3,
        type: 3}
      propertyPath: m_Layer
      value: 9
      objectReference: {fileID: 0}
    - target: {fileID: 5862791226753024605, guid: 8db63e14de13fa04dad365804df3b4c3,
        type: 3}
      propertyPath: m_Layer
      value: 9
      objectReference: {fileID: 0}
    - target: {fileID: 5862801853626872165, guid: 8db63e14de13fa04dad365804df3b4c3,
        type: 3}
      propertyPath: m_Layer
      value: 9
      objectReference: {fileID: 0}
    - target: {fileID: 5862805867921893423, guid: 8db63e14de13fa04dad365804df3b4c3,
        type: 3}
      propertyPath: m_Layer
      value: 9
      objectReference: {fileID: 0}
    - target: {fileID: 5862810522990780013, guid: 8db63e14de13fa04dad365804df3b4c3,
        type: 3}
      propertyPath: m_Layer
      value: 9
      objectReference: {fileID: 0}
    - target: {fileID: 5862812785824269545, guid: 8db63e14de13fa04dad365804df3b4c3,
        type: 3}
      propertyPath: m_Layer
      value: 9
      objectReference: {fileID: 0}
    - target: {fileID: 5862827956287161929, guid: 8db63e14de13fa04dad365804df3b4c3,
        type: 3}
      propertyPath: m_Layer
      value: 9
      objectReference: {fileID: 0}
    - target: {fileID: 5862848967895558357, guid: 8db63e14de13fa04dad365804df3b4c3,
        type: 3}
      propertyPath: m_Layer
      value: 9
      objectReference: {fileID: 0}
    - target: {fileID: 5862853862375511551, guid: 8db63e14de13fa04dad365804df3b4c3,
        type: 3}
      propertyPath: m_Layer
      value: 9
      objectReference: {fileID: 0}
    - target: {fileID: 5862867689260541751, guid: 8db63e14de13fa04dad365804df3b4c3,
        type: 3}
      propertyPath: m_Layer
      value: 9
      objectReference: {fileID: 0}
    - target: {fileID: 5862877401844158287, guid: 8db63e14de13fa04dad365804df3b4c3,
        type: 3}
      propertyPath: m_Layer
      value: 9
      objectReference: {fileID: 0}
    - target: {fileID: 5862885482567193453, guid: 8db63e14de13fa04dad365804df3b4c3,
        type: 3}
      propertyPath: m_Layer
      value: 9
      objectReference: {fileID: 0}
    - target: {fileID: 5862886347729614791, guid: 8db63e14de13fa04dad365804df3b4c3,
        type: 3}
      propertyPath: m_Layer
      value: 9
      objectReference: {fileID: 0}
    - target: {fileID: 5862893073031403329, guid: 8db63e14de13fa04dad365804df3b4c3,
        type: 3}
      propertyPath: m_Layer
      value: 9
      objectReference: {fileID: 0}
    - target: {fileID: 5862893959017835563, guid: 8db63e14de13fa04dad365804df3b4c3,
        type: 3}
      propertyPath: m_Layer
      value: 9
      objectReference: {fileID: 0}
    - target: {fileID: 5862894209780016263, guid: 8db63e14de13fa04dad365804df3b4c3,
        type: 3}
      propertyPath: m_Layer
      value: 9
      objectReference: {fileID: 0}
    - target: {fileID: 5862898586475518593, guid: 8db63e14de13fa04dad365804df3b4c3,
        type: 3}
      propertyPath: m_Layer
      value: 9
      objectReference: {fileID: 0}
    - target: {fileID: 5862899240012527921, guid: 8db63e14de13fa04dad365804df3b4c3,
        type: 3}
      propertyPath: m_Layer
      value: 9
      objectReference: {fileID: 0}
    - target: {fileID: 5862922143316139905, guid: 8db63e14de13fa04dad365804df3b4c3,
        type: 3}
      propertyPath: m_Layer
      value: 9
      objectReference: {fileID: 0}
    - target: {fileID: 5862933476300083203, guid: 8db63e14de13fa04dad365804df3b4c3,
        type: 3}
      propertyPath: m_Layer
      value: 9
      objectReference: {fileID: 0}
    - target: {fileID: 5862945365215267941, guid: 8db63e14de13fa04dad365804df3b4c3,
        type: 3}
      propertyPath: m_Layer
      value: 9
      objectReference: {fileID: 0}
    - target: {fileID: 5862954906776978685, guid: 8db63e14de13fa04dad365804df3b4c3,
        type: 3}
      propertyPath: m_Layer
      value: 9
      objectReference: {fileID: 0}
    - target: {fileID: 5862957519403436421, guid: 8db63e14de13fa04dad365804df3b4c3,
        type: 3}
      propertyPath: m_Layer
      value: 9
      objectReference: {fileID: 0}
    - target: {fileID: 5862958445382107967, guid: 8db63e14de13fa04dad365804df3b4c3,
        type: 3}
      propertyPath: m_Layer
      value: 9
      objectReference: {fileID: 0}
    - target: {fileID: 5862959361990604261, guid: 8db63e14de13fa04dad365804df3b4c3,
        type: 3}
      propertyPath: m_Layer
      value: 9
      objectReference: {fileID: 0}
    - target: {fileID: 5862970659733772367, guid: 8db63e14de13fa04dad365804df3b4c3,
        type: 3}
      propertyPath: m_Layer
      value: 9
      objectReference: {fileID: 0}
    - target: {fileID: 5862992840019401369, guid: 8db63e14de13fa04dad365804df3b4c3,
        type: 3}
      propertyPath: m_Layer
      value: 9
      objectReference: {fileID: 0}
    - target: {fileID: 5862999211083225123, guid: 8db63e14de13fa04dad365804df3b4c3,
        type: 3}
      propertyPath: m_Layer
      value: 9
      objectReference: {fileID: 0}
    - target: {fileID: 5863003391052860613, guid: 8db63e14de13fa04dad365804df3b4c3,
        type: 3}
      propertyPath: m_Layer
      value: 9
      objectReference: {fileID: 0}
    - target: {fileID: 5863018573661955151, guid: 8db63e14de13fa04dad365804df3b4c3,
        type: 3}
      propertyPath: m_Layer
      value: 9
      objectReference: {fileID: 0}
    - target: {fileID: 5863018626391790577, guid: 8db63e14de13fa04dad365804df3b4c3,
        type: 3}
      propertyPath: m_Layer
      value: 9
      objectReference: {fileID: 0}
    - target: {fileID: 5863019939516721187, guid: 8db63e14de13fa04dad365804df3b4c3,
        type: 3}
      propertyPath: m_Layer
      value: 9
      objectReference: {fileID: 0}
    - target: {fileID: 5863028870560419191, guid: 8db63e14de13fa04dad365804df3b4c3,
        type: 3}
      propertyPath: m_TagString
      value: Player
      objectReference: {fileID: 0}
    - target: {fileID: 5863028870560419191, guid: 8db63e14de13fa04dad365804df3b4c3,
        type: 3}
      propertyPath: m_Layer
      value: 9
      objectReference: {fileID: 0}
    - target: {fileID: 5863032590378158783, guid: 8db63e14de13fa04dad365804df3b4c3,
        type: 3}
      propertyPath: m_Layer
      value: 9
      objectReference: {fileID: 0}
    - target: {fileID: 5863036742051583087, guid: 8db63e14de13fa04dad365804df3b4c3,
        type: 3}
      propertyPath: m_Layer
      value: 9
      objectReference: {fileID: 0}
    - target: {fileID: 5863037555706297697, guid: 8db63e14de13fa04dad365804df3b4c3,
        type: 3}
      propertyPath: m_Layer
      value: 9
      objectReference: {fileID: 0}
    - target: {fileID: 5863037555706297697, guid: 8db63e14de13fa04dad365804df3b4c3,
        type: 3}
      propertyPath: m_TagString
      value: Player
      objectReference: {fileID: 0}
    - target: {fileID: 5863043629234886267, guid: 8db63e14de13fa04dad365804df3b4c3,
        type: 3}
      propertyPath: m_Layer
      value: 9
      objectReference: {fileID: 0}
    - target: {fileID: 5863052185942001225, guid: 8db63e14de13fa04dad365804df3b4c3,
        type: 3}
      propertyPath: m_Layer
      value: 9
      objectReference: {fileID: 0}
    - target: {fileID: 5863052561198101247, guid: 8db63e14de13fa04dad365804df3b4c3,
        type: 3}
      propertyPath: m_Layer
      value: 9
      objectReference: {fileID: 0}
    - target: {fileID: 5863057481266741733, guid: 8db63e14de13fa04dad365804df3b4c3,
        type: 3}
      propertyPath: m_Layer
      value: 9
      objectReference: {fileID: 0}
    - target: {fileID: 5863064958767074539, guid: 8db63e14de13fa04dad365804df3b4c3,
        type: 3}
      propertyPath: m_Layer
      value: 9
      objectReference: {fileID: 0}
    - target: {fileID: 5863071038861233501, guid: 8db63e14de13fa04dad365804df3b4c3,
        type: 3}
      propertyPath: m_Layer
      value: 9
      objectReference: {fileID: 0}
    - target: {fileID: 5863079920860975551, guid: 8db63e14de13fa04dad365804df3b4c3,
        type: 3}
      propertyPath: m_Layer
      value: 9
      objectReference: {fileID: 0}
    - target: {fileID: 5863080978247196785, guid: 8db63e14de13fa04dad365804df3b4c3,
        type: 3}
      propertyPath: m_Layer
      value: 9
      objectReference: {fileID: 0}
    - target: {fileID: 5863081353067153491, guid: 8db63e14de13fa04dad365804df3b4c3,
        type: 3}
      propertyPath: m_Layer
      value: 9
      objectReference: {fileID: 0}
    - target: {fileID: 5863083830268595311, guid: 8db63e14de13fa04dad365804df3b4c3,
        type: 3}
      propertyPath: m_Layer
      value: 9
      objectReference: {fileID: 0}
    - target: {fileID: 5863085987796153035, guid: 8db63e14de13fa04dad365804df3b4c3,
        type: 3}
      propertyPath: m_Layer
      value: 9
      objectReference: {fileID: 0}
    - target: {fileID: 5863091387986019895, guid: 8db63e14de13fa04dad365804df3b4c3,
        type: 3}
      propertyPath: m_Layer
      value: 9
      objectReference: {fileID: 0}
    - target: {fileID: 5863096809496890077, guid: 8db63e14de13fa04dad365804df3b4c3,
        type: 3}
      propertyPath: m_Layer
      value: 9
      objectReference: {fileID: 0}
    - target: {fileID: 5863096955654702377, guid: 8db63e14de13fa04dad365804df3b4c3,
        type: 3}
      propertyPath: m_Layer
      value: 9
      objectReference: {fileID: 0}
    - target: {fileID: 5863101135421062161, guid: 8db63e14de13fa04dad365804df3b4c3,
        type: 3}
      propertyPath: m_Layer
      value: 9
      objectReference: {fileID: 0}
    - target: {fileID: 5863108997504393381, guid: 8db63e14de13fa04dad365804df3b4c3,
        type: 3}
      propertyPath: m_Layer
      value: 9
      objectReference: {fileID: 0}
    - target: {fileID: 5863113829672669685, guid: 8db63e14de13fa04dad365804df3b4c3,
        type: 3}
      propertyPath: m_Layer
      value: 9
      objectReference: {fileID: 0}
    - target: {fileID: 5863115097281076981, guid: 8db63e14de13fa04dad365804df3b4c3,
        type: 3}
      propertyPath: m_Layer
      value: 9
      objectReference: {fileID: 0}
    - target: {fileID: 5863116691738293831, guid: 8db63e14de13fa04dad365804df3b4c3,
        type: 3}
      propertyPath: m_Layer
      value: 9
      objectReference: {fileID: 0}
    - target: {fileID: 5863117302426740155, guid: 8db63e14de13fa04dad365804df3b4c3,
        type: 3}
      propertyPath: m_Layer
      value: 9
      objectReference: {fileID: 0}
    - target: {fileID: 5863121746765856127, guid: 8db63e14de13fa04dad365804df3b4c3,
        type: 3}
      propertyPath: m_Layer
      value: 9
      objectReference: {fileID: 0}
    - target: {fileID: 5863233961993683891, guid: 8db63e14de13fa04dad365804df3b4c3,
        type: 3}
      propertyPath: m_Layer
      value: 9
      objectReference: {fileID: 0}
    - target: {fileID: 5863238814359898615, guid: 8db63e14de13fa04dad365804df3b4c3,
        type: 3}
      propertyPath: m_Layer
      value: 9
      objectReference: {fileID: 0}
    - target: {fileID: 5863257514081341231, guid: 8db63e14de13fa04dad365804df3b4c3,
        type: 3}
      propertyPath: m_Layer
      value: 9
      objectReference: {fileID: 0}
    - target: {fileID: 5863258147199416785, guid: 8db63e14de13fa04dad365804df3b4c3,
        type: 3}
      propertyPath: m_Layer
      value: 9
      objectReference: {fileID: 0}
    - target: {fileID: 5863260177432001333, guid: 8db63e14de13fa04dad365804df3b4c3,
        type: 3}
      propertyPath: m_Layer
      value: 9
      objectReference: {fileID: 0}
    - target: {fileID: 5863262525914446245, guid: 8db63e14de13fa04dad365804df3b4c3,
        type: 3}
      propertyPath: m_Layer
      value: 9
      objectReference: {fileID: 0}
    - target: {fileID: 5863414354605304171, guid: 8db63e14de13fa04dad365804df3b4c3,
        type: 3}
      propertyPath: m_Layer
      value: 9
      objectReference: {fileID: 0}
    - target: {fileID: 5863414719924852775, guid: 8db63e14de13fa04dad365804df3b4c3,
        type: 3}
      propertyPath: m_Layer
      value: 9
      objectReference: {fileID: 0}
    - target: {fileID: 5863429690127487737, guid: 8db63e14de13fa04dad365804df3b4c3,
        type: 3}
      propertyPath: m_Layer
      value: 9
      objectReference: {fileID: 0}
    - target: {fileID: 5863431110987778431, guid: 8db63e14de13fa04dad365804df3b4c3,
        type: 3}
      propertyPath: m_Layer
      value: 9
      objectReference: {fileID: 0}
    - target: {fileID: 5863442620921282165, guid: 8db63e14de13fa04dad365804df3b4c3,
        type: 3}
      propertyPath: m_Layer
      value: 9
      objectReference: {fileID: 0}
    - target: {fileID: 5863445118779740949, guid: 8db63e14de13fa04dad365804df3b4c3,
        type: 3}
      propertyPath: m_Layer
      value: 9
      objectReference: {fileID: 0}
    - target: {fileID: 5863448027760323019, guid: 8db63e14de13fa04dad365804df3b4c3,
        type: 3}
      propertyPath: m_Layer
      value: 9
      objectReference: {fileID: 0}
    - target: {fileID: 5863453091208953905, guid: 8db63e14de13fa04dad365804df3b4c3,
        type: 3}
      propertyPath: m_Layer
      value: 9
      objectReference: {fileID: 0}
    - target: {fileID: 5863453888009802511, guid: 8db63e14de13fa04dad365804df3b4c3,
        type: 3}
      propertyPath: m_Layer
      value: 9
      objectReference: {fileID: 0}
    - target: {fileID: 5863455132857994629, guid: 8db63e14de13fa04dad365804df3b4c3,
        type: 3}
      propertyPath: m_Layer
      value: 9
      objectReference: {fileID: 0}
    - target: {fileID: 5863460380929759479, guid: 8db63e14de13fa04dad365804df3b4c3,
        type: 3}
      propertyPath: m_Layer
      value: 9
      objectReference: {fileID: 0}
    - target: {fileID: 5863470928510963857, guid: 8db63e14de13fa04dad365804df3b4c3,
        type: 3}
      propertyPath: m_Layer
      value: 9
      objectReference: {fileID: 0}
    - target: {fileID: 5863474304453046957, guid: 8db63e14de13fa04dad365804df3b4c3,
        type: 3}
      propertyPath: m_Layer
      value: 9
      objectReference: {fileID: 0}
    - target: {fileID: 5863474304453046957, guid: 8db63e14de13fa04dad365804df3b4c3,
        type: 3}
      propertyPath: m_TagString
      value: Player
      objectReference: {fileID: 0}
    - target: {fileID: 5863479290307492653, guid: 8db63e14de13fa04dad365804df3b4c3,
        type: 3}
      propertyPath: m_Layer
      value: 9
      objectReference: {fileID: 0}
    - target: {fileID: 5863482338159010891, guid: 8db63e14de13fa04dad365804df3b4c3,
        type: 3}
      propertyPath: m_Layer
      value: 9
      objectReference: {fileID: 0}
    - target: {fileID: 5863484109845394015, guid: 8db63e14de13fa04dad365804df3b4c3,
        type: 3}
      propertyPath: m_Layer
      value: 9
      objectReference: {fileID: 0}
    - target: {fileID: 5863488189436497915, guid: 8db63e14de13fa04dad365804df3b4c3,
        type: 3}
      propertyPath: m_Layer
      value: 9
      objectReference: {fileID: 0}
    - target: {fileID: 5863488741716670259, guid: 8db63e14de13fa04dad365804df3b4c3,
        type: 3}
      propertyPath: m_Layer
      value: 9
      objectReference: {fileID: 0}
    - target: {fileID: 5863492652116819169, guid: 8db63e14de13fa04dad365804df3b4c3,
        type: 3}
      propertyPath: m_Layer
      value: 9
      objectReference: {fileID: 0}
    - target: {fileID: 5863492959314423937, guid: 8db63e14de13fa04dad365804df3b4c3,
        type: 3}
      propertyPath: m_Layer
      value: 9
      objectReference: {fileID: 0}
    - target: {fileID: 5863495064072601061, guid: 8db63e14de13fa04dad365804df3b4c3,
        type: 3}
      propertyPath: m_Layer
      value: 9
      objectReference: {fileID: 0}
    - target: {fileID: 5863508414890685629, guid: 8db63e14de13fa04dad365804df3b4c3,
        type: 3}
      propertyPath: m_Layer
      value: 9
      objectReference: {fileID: 0}
    - target: {fileID: 5863525755279937225, guid: 8db63e14de13fa04dad365804df3b4c3,
        type: 3}
      propertyPath: m_Layer
      value: 9
      objectReference: {fileID: 0}
    - target: {fileID: 5863535786405964823, guid: 8db63e14de13fa04dad365804df3b4c3,
        type: 3}
      propertyPath: m_Layer
      value: 9
      objectReference: {fileID: 0}
    - target: {fileID: 5863550316279172393, guid: 8db63e14de13fa04dad365804df3b4c3,
        type: 3}
      propertyPath: m_Layer
      value: 9
      objectReference: {fileID: 0}
    - target: {fileID: 5863550360441538967, guid: 8db63e14de13fa04dad365804df3b4c3,
        type: 3}
      propertyPath: m_Layer
      value: 9
      objectReference: {fileID: 0}
    - target: {fileID: 5863552686846150231, guid: 8db63e14de13fa04dad365804df3b4c3,
        type: 3}
      propertyPath: m_Layer
      value: 9
      objectReference: {fileID: 0}
    - target: {fileID: 5863564089305575729, guid: 8db63e14de13fa04dad365804df3b4c3,
        type: 3}
      propertyPath: m_Layer
      value: 9
      objectReference: {fileID: 0}
    - target: {fileID: 5863570255389468657, guid: 8db63e14de13fa04dad365804df3b4c3,
        type: 3}
      propertyPath: m_Layer
      value: 9
      objectReference: {fileID: 0}
    - target: {fileID: 5863572624148838057, guid: 8db63e14de13fa04dad365804df3b4c3,
        type: 3}
      propertyPath: m_Layer
      value: 9
      objectReference: {fileID: 0}
    - target: {fileID: 5863577689578282799, guid: 8db63e14de13fa04dad365804df3b4c3,
        type: 3}
      propertyPath: m_Layer
      value: 9
      objectReference: {fileID: 0}
    - target: {fileID: 5863593571162756307, guid: 8db63e14de13fa04dad365804df3b4c3,
        type: 3}
      propertyPath: m_Layer
      value: 9
      objectReference: {fileID: 0}
    - target: {fileID: 5863594510746658791, guid: 8db63e14de13fa04dad365804df3b4c3,
        type: 3}
      propertyPath: m_Layer
      value: 9
      objectReference: {fileID: 0}
    - target: {fileID: 5863597558153382535, guid: 8db63e14de13fa04dad365804df3b4c3,
        type: 3}
      propertyPath: m_Layer
      value: 9
      objectReference: {fileID: 0}
    - target: {fileID: 5863598805197351315, guid: 8db63e14de13fa04dad365804df3b4c3,
        type: 3}
      propertyPath: m_Layer
      value: 9
      objectReference: {fileID: 0}
    - target: {fileID: 5863602564705141207, guid: 8db63e14de13fa04dad365804df3b4c3,
        type: 3}
      propertyPath: m_Layer
      value: 9
      objectReference: {fileID: 0}
    - target: {fileID: 5863606334484157765, guid: 8db63e14de13fa04dad365804df3b4c3,
        type: 3}
      propertyPath: m_Layer
      value: 9
      objectReference: {fileID: 0}
    - target: {fileID: 5863606603675586819, guid: 8db63e14de13fa04dad365804df3b4c3,
        type: 3}
      propertyPath: m_Layer
      value: 9
      objectReference: {fileID: 0}
    - target: {fileID: 5863610007679558819, guid: 8db63e14de13fa04dad365804df3b4c3,
        type: 3}
      propertyPath: m_Layer
      value: 9
      objectReference: {fileID: 0}
    - target: {fileID: 5863622533476905183, guid: 8db63e14de13fa04dad365804df3b4c3,
        type: 3}
      propertyPath: m_Layer
      value: 9
      objectReference: {fileID: 0}
    - target: {fileID: 5863623708190137861, guid: 8db63e14de13fa04dad365804df3b4c3,
        type: 3}
      propertyPath: m_Layer
      value: 9
      objectReference: {fileID: 0}
    - target: {fileID: 5863634850748481257, guid: 8db63e14de13fa04dad365804df3b4c3,
        type: 3}
      propertyPath: m_Layer
      value: 9
      objectReference: {fileID: 0}
    - target: {fileID: 5863636784379907823, guid: 8db63e14de13fa04dad365804df3b4c3,
        type: 3}
      propertyPath: m_Layer
      value: 9
      objectReference: {fileID: 0}
    - target: {fileID: 5863641028115793351, guid: 8db63e14de13fa04dad365804df3b4c3,
        type: 3}
      propertyPath: m_Layer
      value: 9
      objectReference: {fileID: 0}
    - target: {fileID: 5863642438065088249, guid: 8db63e14de13fa04dad365804df3b4c3,
        type: 3}
      propertyPath: m_Layer
      value: 9
      objectReference: {fileID: 0}
    - target: {fileID: 5863647599899644347, guid: 8db63e14de13fa04dad365804df3b4c3,
        type: 3}
      propertyPath: m_Layer
      value: 9
      objectReference: {fileID: 0}
    - target: {fileID: 5863648092203514435, guid: 8db63e14de13fa04dad365804df3b4c3,
        type: 3}
      propertyPath: m_Layer
      value: 9
      objectReference: {fileID: 0}
    - target: {fileID: 5863649676874724941, guid: 8db63e14de13fa04dad365804df3b4c3,
        type: 3}
      propertyPath: m_Layer
      value: 9
      objectReference: {fileID: 0}
    - target: {fileID: 5863654447171481231, guid: 8db63e14de13fa04dad365804df3b4c3,
        type: 3}
      propertyPath: m_Layer
      value: 9
      objectReference: {fileID: 0}
    - target: {fileID: 5863655646412014637, guid: 8db63e14de13fa04dad365804df3b4c3,
        type: 3}
      propertyPath: m_Layer
      value: 9
      objectReference: {fileID: 0}
    - target: {fileID: 5863664091145869533, guid: 8db63e14de13fa04dad365804df3b4c3,
        type: 3}
      propertyPath: m_Layer
      value: 9
      objectReference: {fileID: 0}
    - target: {fileID: 5863664286121106913, guid: 8db63e14de13fa04dad365804df3b4c3,
        type: 3}
      propertyPath: m_Layer
      value: 9
      objectReference: {fileID: 0}
    - target: {fileID: 5863666051445596195, guid: 8db63e14de13fa04dad365804df3b4c3,
        type: 3}
      propertyPath: m_Layer
      value: 9
      objectReference: {fileID: 0}
    - target: {fileID: 5863666346380089303, guid: 8db63e14de13fa04dad365804df3b4c3,
        type: 3}
      propertyPath: m_Layer
      value: 9
      objectReference: {fileID: 0}
    - target: {fileID: 5863669378967953363, guid: 8db63e14de13fa04dad365804df3b4c3,
        type: 3}
      propertyPath: m_Layer
      value: 9
      objectReference: {fileID: 0}
    - target: {fileID: 5863669458798491449, guid: 8db63e14de13fa04dad365804df3b4c3,
        type: 3}
      propertyPath: m_Layer
      value: 9
      objectReference: {fileID: 0}
    - target: {fileID: 5863671710146564681, guid: 8db63e14de13fa04dad365804df3b4c3,
        type: 3}
      propertyPath: m_Layer
      value: 9
      objectReference: {fileID: 0}
    - target: {fileID: 5863675685197528227, guid: 8db63e14de13fa04dad365804df3b4c3,
        type: 3}
      propertyPath: m_Layer
      value: 9
      objectReference: {fileID: 0}
    - target: {fileID: 5863678086934174281, guid: 8db63e14de13fa04dad365804df3b4c3,
        type: 3}
      propertyPath: m_Layer
      value: 9
      objectReference: {fileID: 0}
    - target: {fileID: 6390232692552959659, guid: 8db63e14de13fa04dad365804df3b4c3,
        type: 3}
      propertyPath: CollisionModule.collidesWith.m_Bits
      value: 512
      objectReference: {fileID: 0}
    - target: {fileID: 9013647677070820680, guid: 8db63e14de13fa04dad365804df3b4c3,
        type: 3}
      propertyPath: m_LocalPosition.z
      value: -0.029
      objectReference: {fileID: 0}
    - target: {fileID: 9013647677070820680, guid: 8db63e14de13fa04dad365804df3b4c3,
        type: 3}
      propertyPath: m_LocalPosition.y
      value: 0.3
      objectReference: {fileID: 0}
    m_RemovedComponents: []
  m_SourcePrefab: {fileID: 100100000, guid: 8db63e14de13fa04dad365804df3b4c3, type: 3}
--- !u!1 &270642637 stripped
GameObject:
  m_CorrespondingSourceObject: {fileID: 5863028870560419191, guid: 8db63e14de13fa04dad365804df3b4c3,
    type: 3}
  m_PrefabInstance: {fileID: 270642636}
  m_PrefabAsset: {fileID: 0}
--- !u!54 &270642638
Rigidbody:
  m_ObjectHideFlags: 0
  m_CorrespondingSourceObject: {fileID: 0}
  m_PrefabInstance: {fileID: 0}
  m_PrefabAsset: {fileID: 0}
  m_GameObject: {fileID: 270642637}
  serializedVersion: 2
  m_Mass: 1
  m_Drag: 0
  m_AngularDrag: 0.05
  m_UseGravity: 1
  m_IsKinematic: 0
  m_Interpolate: 0
  m_Constraints: 112
  m_CollisionDetection: 0
--- !u!1 &270642639 stripped
GameObject:
  m_CorrespondingSourceObject: {fileID: 2268594577290760358, guid: 8db63e14de13fa04dad365804df3b4c3,
    type: 3}
  m_PrefabInstance: {fileID: 270642636}
  m_PrefabAsset: {fileID: 0}
--- !u!114 &270642640
MonoBehaviour:
  m_ObjectHideFlags: 0
  m_CorrespondingSourceObject: {fileID: 0}
  m_PrefabInstance: {fileID: 0}
  m_PrefabAsset: {fileID: 0}
  m_GameObject: {fileID: 270642639}
  m_Enabled: 1
  m_EditorHideFlags: 0
  m_Script: {fileID: 11500000, guid: ab45acb3f6844e849a9b555803a47334, type: 3}
  m_Name: 
  m_EditorClassIdentifier: 
--- !u!65 &270642646
BoxCollider:
  m_ObjectHideFlags: 0
  m_CorrespondingSourceObject: {fileID: 0}
  m_PrefabInstance: {fileID: 0}
  m_PrefabAsset: {fileID: 0}
  m_GameObject: {fileID: 270642637}
  m_Material: {fileID: 0}
  m_IsTrigger: 0
  m_Enabled: 1
  serializedVersion: 2
  m_Size: {x: 0.86035556, y: 0, z: 0.31942368}
  m_Center: {x: 0.06982222, y: 0.46344495, z: -0.03570366}
--- !u!1 &386793867
GameObject:
  m_ObjectHideFlags: 0
  m_CorrespondingSourceObject: {fileID: 0}
  m_PrefabInstance: {fileID: 0}
  m_PrefabAsset: {fileID: 0}
  serializedVersion: 6
  m_Component:
  - component: {fileID: 386793869}
  - component: {fileID: 386793868}
  m_Layer: 0
  m_Name: Directional Light
  m_TagString: Untagged
  m_Icon: {fileID: 0}
  m_NavMeshLayer: 0
  m_StaticEditorFlags: 0
  m_IsActive: 1
--- !u!108 &386793868
Light:
  m_ObjectHideFlags: 0
  m_CorrespondingSourceObject: {fileID: 0}
  m_PrefabInstance: {fileID: 0}
  m_PrefabAsset: {fileID: 0}
  m_GameObject: {fileID: 386793867}
  m_Enabled: 1
  serializedVersion: 10
  m_Type: 1
  m_Shape: 0
  m_Color: {r: 1, g: 0.95686275, b: 0.8392157, a: 1}
  m_Intensity: 1
  m_Range: 10
  m_SpotAngle: 30
  m_InnerSpotAngle: 21.80208
  m_CookieSize: 10
  m_Shadows:
    m_Type: 2
    m_Resolution: -1
    m_CustomResolution: -1
    m_Strength: 1
    m_Bias: 0.05
    m_NormalBias: 0.4
    m_NearPlane: 0.2
    m_CullingMatrixOverride:
      e00: 1
      e01: 0
      e02: 0
      e03: 0
      e10: 0
      e11: 1
      e12: 0
      e13: 0
      e20: 0
      e21: 0
      e22: 1
      e23: 0
      e30: 0
      e31: 0
      e32: 0
      e33: 1
    m_UseCullingMatrixOverride: 0
  m_Cookie: {fileID: 0}
  m_DrawHalo: 0
  m_Flare: {fileID: 0}
  m_RenderMode: 0
  m_CullingMask:
    serializedVersion: 2
    m_Bits: 4294967295
  m_RenderingLayerMask: 1
  m_Lightmapping: 4
  m_LightShadowCasterMode: 0
  m_AreaSize: {x: 1, y: 1}
  m_BounceIntensity: 1
  m_ColorTemperature: 6570
  m_UseColorTemperature: 0
  m_BoundingSphereOverride: {x: 0, y: 0, z: 0, w: 0}
  m_UseBoundingSphereOverride: 0
  m_ShadowRadius: 0
  m_ShadowAngle: 0
--- !u!4 &386793869
Transform:
  m_ObjectHideFlags: 0
  m_CorrespondingSourceObject: {fileID: 0}
  m_PrefabInstance: {fileID: 0}
  m_PrefabAsset: {fileID: 0}
  m_GameObject: {fileID: 386793867}
  m_LocalRotation: {x: 0.42261654, y: 0.0023969247, z: -0.0011176988, w: 0.9063048}
  m_LocalPosition: {x: 0, y: 3, z: -54.72}
  m_LocalScale: {x: 1, y: 1, z: 1}
  m_Children: []
  m_Father: {fileID: 0}
  m_RootOrder: 1
  m_LocalEulerAnglesHint: {x: 50.000004, y: 0.303, z: 0}
--- !u!1001 &573558367
PrefabInstance:
  m_ObjectHideFlags: 0
  serializedVersion: 2
  m_Modification:
    m_TransformParent: {fileID: 0}
    m_Modifications:
    - target: {fileID: 6132794258060322610, guid: 044b4856c0c98b840bb6c01a01a91caa,
        type: 3}
      propertyPath: m_Delegates.Array.data[0].callback.m_PersistentCalls.m_Calls.Array.data[0].m_Target
      value: 
      objectReference: {fileID: 1694053534}
    - target: {fileID: 6132794258060322610, guid: 044b4856c0c98b840bb6c01a01a91caa,
        type: 3}
      propertyPath: m_Delegates.Array.data[0].callback.m_PersistentCalls.m_Calls.Array.data[0].m_MethodName
      value: mouseInBackButton
      objectReference: {fileID: 0}
    - target: {fileID: 6132794258060322610, guid: 044b4856c0c98b840bb6c01a01a91caa,
        type: 3}
      propertyPath: m_Delegates.Array.data[1].callback.m_PersistentCalls.m_Calls.Array.data[0].m_Target
      value: 
      objectReference: {fileID: 1694053534}
    - target: {fileID: 6132794258060322610, guid: 044b4856c0c98b840bb6c01a01a91caa,
        type: 3}
      propertyPath: m_Delegates.Array.data[1].callback.m_PersistentCalls.m_Calls.Array.data[0].m_MethodName
      value: mouseOutBackButton
      objectReference: {fileID: 0}
    - target: {fileID: 6132794258060322639, guid: 044b4856c0c98b840bb6c01a01a91caa,
        type: 3}
      propertyPath: m_OnClick.m_PersistentCalls.m_Calls.Array.data[0].m_Target
      value: 
      objectReference: {fileID: 1694053534}
    - target: {fileID: 6132794258060322639, guid: 044b4856c0c98b840bb6c01a01a91caa,
        type: 3}
      propertyPath: m_OnClick.m_PersistentCalls.m_Calls.Array.data[0].m_MethodName
      value: PressBack
      objectReference: {fileID: 0}
    - target: {fileID: 6132794258069794256, guid: 044b4856c0c98b840bb6c01a01a91caa,
        type: 3}
      propertyPath: m_FontData.m_Font
      value: 
      objectReference: {fileID: 12800000, guid: 0735425751d9444459820f2ae89ffa5a,
        type: 3}
    - target: {fileID: 6132794258097677786, guid: 044b4856c0c98b840bb6c01a01a91caa,
        type: 3}
      propertyPath: m_AnchorMax.y
      value: 0
      objectReference: {fileID: 0}
    - target: {fileID: 6132794258365206889, guid: 044b4856c0c98b840bb6c01a01a91caa,
        type: 3}
      propertyPath: m_FontData.m_FontSize
      value: 25
      objectReference: {fileID: 0}
    - target: {fileID: 6132794258365206889, guid: 044b4856c0c98b840bb6c01a01a91caa,
        type: 3}
      propertyPath: m_FontData.m_MinSize
      value: 2
      objectReference: {fileID: 0}
    - target: {fileID: 6132794258366435058, guid: 044b4856c0c98b840bb6c01a01a91caa,
        type: 3}
      propertyPath: m_OnClick.m_PersistentCalls.m_Calls.Array.data[0].m_Target
      value: 
      objectReference: {fileID: 1694053534}
    - target: {fileID: 6132794258366435058, guid: 044b4856c0c98b840bb6c01a01a91caa,
        type: 3}
      propertyPath: m_OnClick.m_PersistentCalls.m_Calls.Array.data[0].m_MethodName
      value: pressReStart
      objectReference: {fileID: 0}
    - target: {fileID: 6132794258366435061, guid: 044b4856c0c98b840bb6c01a01a91caa,
        type: 3}
      propertyPath: m_Delegates.Array.data[0].callback.m_PersistentCalls.m_Calls.Array.data[0].m_Target
      value: 
      objectReference: {fileID: 1694053534}
    - target: {fileID: 6132794258366435061, guid: 044b4856c0c98b840bb6c01a01a91caa,
        type: 3}
      propertyPath: m_Delegates.Array.data[0].callback.m_PersistentCalls.m_Calls.Array.data[0].m_MethodName
      value: mouseInreStartButton
      objectReference: {fileID: 0}
    - target: {fileID: 6132794258366435061, guid: 044b4856c0c98b840bb6c01a01a91caa,
        type: 3}
      propertyPath: m_Delegates.Array.data[1].callback.m_PersistentCalls.m_Calls.Array.data[0].m_Target
      value: 
      objectReference: {fileID: 1694053534}
    - target: {fileID: 6132794258366435061, guid: 044b4856c0c98b840bb6c01a01a91caa,
        type: 3}
      propertyPath: m_Delegates.Array.data[1].callback.m_PersistentCalls.m_Calls.Array.data[0].m_MethodName
      value: mouseOutreStartButton
      objectReference: {fileID: 0}
    - target: {fileID: 6132794258494204921, guid: 044b4856c0c98b840bb6c01a01a91caa,
        type: 3}
      propertyPath: m_IsActive
      value: 0
      objectReference: {fileID: 0}
    - target: {fileID: 6132794259084305572, guid: 044b4856c0c98b840bb6c01a01a91caa,
        type: 3}
      propertyPath: m_SizeDelta.x
      value: 550
      objectReference: {fileID: 0}
    - target: {fileID: 6132794259084305573, guid: 044b4856c0c98b840bb6c01a01a91caa,
        type: 3}
      propertyPath: m_Text
      value: "\u4F60 \u6B7B \u4EA1 \u4E86 Q Q \u4E0B \u6B21 \u8A18 \u5F97 \u4E0D
        \u8981 \u908A \u73A9 \u624B \u6A5F \u908A \u4E0A \u5EC1 \u6240 \u5594"
      objectReference: {fileID: 0}
    - target: {fileID: 6132794259084305573, guid: 044b4856c0c98b840bb6c01a01a91caa,
        type: 3}
      propertyPath: m_FontData.m_Font
      value: 
      objectReference: {fileID: 12800000, guid: 0735425751d9444459820f2ae89ffa5a,
        type: 3}
    - target: {fileID: 6132794259380339576, guid: 044b4856c0c98b840bb6c01a01a91caa,
        type: 3}
      propertyPath: m_FontData.m_Font
      value: 
      objectReference: {fileID: 12800000, guid: 0735425751d9444459820f2ae89ffa5a,
        type: 3}
    - target: {fileID: 6132794259412003741, guid: 044b4856c0c98b840bb6c01a01a91caa,
        type: 3}
      propertyPath: m_Color.r
      value: 0.5660378
      objectReference: {fileID: 0}
    - target: {fileID: 6132794259412003741, guid: 044b4856c0c98b840bb6c01a01a91caa,
        type: 3}
      propertyPath: m_Color.g
      value: 0
      objectReference: {fileID: 0}
    - target: {fileID: 6132794259412003741, guid: 044b4856c0c98b840bb6c01a01a91caa,
        type: 3}
      propertyPath: m_Color.b
      value: 0
      objectReference: {fileID: 0}
    - target: {fileID: 6132794259534770008, guid: 044b4856c0c98b840bb6c01a01a91caa,
        type: 3}
      propertyPath: m_Name
      value: LoseCanvas
      objectReference: {fileID: 0}
    - target: {fileID: 6132794259534770012, guid: 044b4856c0c98b840bb6c01a01a91caa,
        type: 3}
      propertyPath: m_LocalPosition.x
      value: 0
      objectReference: {fileID: 0}
    - target: {fileID: 6132794259534770012, guid: 044b4856c0c98b840bb6c01a01a91caa,
        type: 3}
      propertyPath: m_LocalPosition.y
      value: 0
      objectReference: {fileID: 0}
    - target: {fileID: 6132794259534770012, guid: 044b4856c0c98b840bb6c01a01a91caa,
        type: 3}
      propertyPath: m_LocalPosition.z
      value: 0
      objectReference: {fileID: 0}
    - target: {fileID: 6132794259534770012, guid: 044b4856c0c98b840bb6c01a01a91caa,
        type: 3}
      propertyPath: m_LocalRotation.x
      value: 0
      objectReference: {fileID: 0}
    - target: {fileID: 6132794259534770012, guid: 044b4856c0c98b840bb6c01a01a91caa,
        type: 3}
      propertyPath: m_LocalRotation.y
      value: 0
      objectReference: {fileID: 0}
    - target: {fileID: 6132794259534770012, guid: 044b4856c0c98b840bb6c01a01a91caa,
        type: 3}
      propertyPath: m_LocalRotation.z
      value: 0
      objectReference: {fileID: 0}
    - target: {fileID: 6132794259534770012, guid: 044b4856c0c98b840bb6c01a01a91caa,
        type: 3}
      propertyPath: m_LocalRotation.w
      value: 1
      objectReference: {fileID: 0}
    - target: {fileID: 6132794259534770012, guid: 044b4856c0c98b840bb6c01a01a91caa,
        type: 3}
      propertyPath: m_RootOrder
      value: 3
      objectReference: {fileID: 0}
    - target: {fileID: 6132794259534770012, guid: 044b4856c0c98b840bb6c01a01a91caa,
        type: 3}
      propertyPath: m_LocalEulerAnglesHint.x
      value: 0
      objectReference: {fileID: 0}
    - target: {fileID: 6132794259534770012, guid: 044b4856c0c98b840bb6c01a01a91caa,
        type: 3}
      propertyPath: m_LocalEulerAnglesHint.y
      value: 0
      objectReference: {fileID: 0}
    - target: {fileID: 6132794259534770012, guid: 044b4856c0c98b840bb6c01a01a91caa,
        type: 3}
      propertyPath: m_LocalEulerAnglesHint.z
      value: 0
      objectReference: {fileID: 0}
    - target: {fileID: 6132794259534770012, guid: 044b4856c0c98b840bb6c01a01a91caa,
        type: 3}
      propertyPath: m_AnchoredPosition.x
      value: 0
      objectReference: {fileID: 0}
    - target: {fileID: 6132794259534770012, guid: 044b4856c0c98b840bb6c01a01a91caa,
        type: 3}
      propertyPath: m_AnchoredPosition.y
      value: 0
      objectReference: {fileID: 0}
    - target: {fileID: 6132794259534770012, guid: 044b4856c0c98b840bb6c01a01a91caa,
        type: 3}
      propertyPath: m_SizeDelta.x
      value: 0
      objectReference: {fileID: 0}
    - target: {fileID: 6132794259534770012, guid: 044b4856c0c98b840bb6c01a01a91caa,
        type: 3}
      propertyPath: m_SizeDelta.y
      value: 0
      objectReference: {fileID: 0}
    - target: {fileID: 6132794259534770012, guid: 044b4856c0c98b840bb6c01a01a91caa,
        type: 3}
      propertyPath: m_AnchorMin.x
      value: 0
      objectReference: {fileID: 0}
    - target: {fileID: 6132794259534770012, guid: 044b4856c0c98b840bb6c01a01a91caa,
        type: 3}
      propertyPath: m_AnchorMin.y
      value: 0
      objectReference: {fileID: 0}
    - target: {fileID: 6132794259534770012, guid: 044b4856c0c98b840bb6c01a01a91caa,
        type: 3}
      propertyPath: m_AnchorMax.x
      value: 0
      objectReference: {fileID: 0}
    - target: {fileID: 6132794259534770012, guid: 044b4856c0c98b840bb6c01a01a91caa,
        type: 3}
      propertyPath: m_AnchorMax.y
      value: 0
      objectReference: {fileID: 0}
    - target: {fileID: 6132794259534770012, guid: 044b4856c0c98b840bb6c01a01a91caa,
        type: 3}
      propertyPath: m_Pivot.x
      value: 0
      objectReference: {fileID: 0}
    - target: {fileID: 6132794259534770012, guid: 044b4856c0c98b840bb6c01a01a91caa,
        type: 3}
      propertyPath: m_Pivot.y
      value: 0
      objectReference: {fileID: 0}
    m_RemovedComponents: []
  m_SourcePrefab: {fileID: 100100000, guid: 044b4856c0c98b840bb6c01a01a91caa, type: 3}
--- !u!1 &725297128
GameObject:
  m_ObjectHideFlags: 0
  m_CorrespondingSourceObject: {fileID: 0}
  m_PrefabInstance: {fileID: 0}
  m_PrefabAsset: {fileID: 0}
  serializedVersion: 6
  m_Component:
  - component: {fileID: 725297130}
  - component: {fileID: 725297129}
  m_Layer: 0
  m_Name: Audio Source
  m_TagString: Untagged
  m_Icon: {fileID: 0}
  m_NavMeshLayer: 0
  m_StaticEditorFlags: 0
  m_IsActive: 1
--- !u!82 &725297129
AudioSource:
  m_ObjectHideFlags: 0
  m_CorrespondingSourceObject: {fileID: 0}
  m_PrefabInstance: {fileID: 0}
  m_PrefabAsset: {fileID: 0}
  m_GameObject: {fileID: 725297128}
  m_Enabled: 1
  serializedVersion: 4
  OutputAudioMixerGroup: {fileID: 0}
  m_audioClip: {fileID: 8300000, guid: 9dd14b4fd1cab489399d3bd8d0f6c8bd, type: 3}
  m_PlayOnAwake: 1
  m_Volume: 1
  m_Pitch: 1
  Loop: 0
  Mute: 0
  Spatialize: 0
  SpatializePostEffects: 0
  Priority: 128
  DopplerLevel: 1
  MinDistance: 1
  MaxDistance: 500
  Pan2D: 0
  rolloffMode: 0
  BypassEffects: 0
  BypassListenerEffects: 0
  BypassReverbZones: 0
  rolloffCustomCurve:
    serializedVersion: 2
    m_Curve:
    - serializedVersion: 3
      time: 0
      value: 1
      inSlope: 0
      outSlope: 0
      tangentMode: 0
      weightedMode: 0
      inWeight: 0.33333334
      outWeight: 0.33333334
    - serializedVersion: 3
      time: 1
      value: 0
      inSlope: 0
      outSlope: 0
      tangentMode: 0
      weightedMode: 0
      inWeight: 0.33333334
      outWeight: 0.33333334
    m_PreInfinity: 2
    m_PostInfinity: 2
    m_RotationOrder: 4
  panLevelCustomCurve:
    serializedVersion: 2
    m_Curve:
    - serializedVersion: 3
      time: 0
      value: 0
      inSlope: 0
      outSlope: 0
      tangentMode: 0
      weightedMode: 0
      inWeight: 0.33333334
      outWeight: 0.33333334
    m_PreInfinity: 2
    m_PostInfinity: 2
    m_RotationOrder: 4
  spreadCustomCurve:
    serializedVersion: 2
    m_Curve:
    - serializedVersion: 3
      time: 0
      value: 0
      inSlope: 0
      outSlope: 0
      tangentMode: 0
      weightedMode: 0
      inWeight: 0.33333334
      outWeight: 0.33333334
    m_PreInfinity: 2
    m_PostInfinity: 2
    m_RotationOrder: 4
  reverbZoneMixCustomCurve:
    serializedVersion: 2
    m_Curve:
    - serializedVersion: 3
      time: 0
      value: 1
      inSlope: 0
      outSlope: 0
      tangentMode: 0
      weightedMode: 0
      inWeight: 0.33333334
      outWeight: 0.33333334
    m_PreInfinity: 2
    m_PostInfinity: 2
    m_RotationOrder: 4
--- !u!4 &725297130
Transform:
  m_ObjectHideFlags: 0
  m_CorrespondingSourceObject: {fileID: 0}
  m_PrefabInstance: {fileID: 0}
  m_PrefabAsset: {fileID: 0}
  m_GameObject: {fileID: 725297128}
  m_LocalRotation: {x: 0, y: 0, z: 0, w: 1}
  m_LocalPosition: {x: 7.4309983, y: -1.2605966, z: -43.690113}
  m_LocalScale: {x: 1, y: 1, z: 1}
  m_Children: []
  m_Father: {fileID: 0}
  m_RootOrder: 2
  m_LocalEulerAnglesHint: {x: 0, y: 0, z: 0}
--- !u!1 &1586488254 stripped
GameObject:
  m_CorrespondingSourceObject: {fileID: 6132794258060322637, guid: 044b4856c0c98b840bb6c01a01a91caa,
    type: 3}
  m_PrefabInstance: {fileID: 573558367}
  m_PrefabAsset: {fileID: 0}
--- !u!1 &1694053533
GameObject:
  m_ObjectHideFlags: 0
  m_CorrespondingSourceObject: {fileID: 0}
  m_PrefabInstance: {fileID: 0}
  m_PrefabAsset: {fileID: 0}
  serializedVersion: 6
  m_Component:
  - component: {fileID: 1694053535}
  - component: {fileID: 1694053534}
  m_Layer: 0
  m_Name: LoseController
  m_TagString: Untagged
  m_Icon: {fileID: 0}
  m_NavMeshLayer: 0
  m_StaticEditorFlags: 0
  m_IsActive: 1
--- !u!114 &1694053534
MonoBehaviour:
  m_ObjectHideFlags: 0
  m_CorrespondingSourceObject: {fileID: 0}
  m_PrefabInstance: {fileID: 0}
  m_PrefabAsset: {fileID: 0}
  m_GameObject: {fileID: 1694053533}
  m_Enabled: 1
  m_EditorHideFlags: 0
  m_Script: {fileID: 11500000, guid: f617b202b477bb540bb506a9015cead8, type: 3}
  m_Name: 
  m_EditorClassIdentifier: 
  butreStart: {fileID: 109116735}
  butBack: {fileID: 1586488254}
  slider: {fileID: 1767638143}
  loading: {fileID: 28508616}
--- !u!4 &1694053535
Transform:
  m_ObjectHideFlags: 0
  m_CorrespondingSourceObject: {fileID: 0}
  m_PrefabInstance: {fileID: 0}
  m_PrefabAsset: {fileID: 0}
  m_GameObject: {fileID: 1694053533}
  m_LocalRotation: {x: 0, y: 0, z: 0, w: 1}
  m_LocalPosition: {x: -14.059429, y: -24.145054, z: 5.7076187}
  m_LocalScale: {x: 1, y: 1, z: 1}
  m_Children: []
  m_Father: {fileID: 0}
  m_RootOrder: 5
  m_LocalEulerAnglesHint: {x: 0, y: 0, z: 0}
--- !u!114 &1767638143 stripped
MonoBehaviour:
  m_CorrespondingSourceObject: {fileID: 6132794259850070981, guid: 044b4856c0c98b840bb6c01a01a91caa,
    type: 3}
  m_PrefabInstance: {fileID: 573558367}
  m_PrefabAsset: {fileID: 0}
  m_GameObject: {fileID: 0}
  m_Enabled: 1
  m_EditorHideFlags: 0
  m_Script: {fileID: 11500000, guid: 67db9e8f0e2ae9c40bc1e2b64352a6b4, type: 3}
  m_Name: 
  m_EditorClassIdentifier: 
